@article{martin75-borel-determinacy,
  title={Borel determinacy},
  author={Martin, Donald A},
  journal={Annals of Mathematics},
  volume={102},
  number={2},
  pages={363--371},
  year={1975},
  publisher={JSTOR}
}
